@article{einstein,
    author =       "Albert Einstein",
    title =        "{Zur Elektrodynamik bewegter K{\"o}rper}. ({German})
        [{On} the electrodynamics of moving bodies]",
    journal =      "Annalen der Physik",
    volume =       "322",
    number =       "10",
    pages =        "891--921",
    year =         "1905",
    DOI =          "http://dx.doi.org/10.1002/andp.19053221004"
}

@book{latexcompanion,
    author    = "Michel Goossens and Frank Mittelbach and Alexander Samarin",
    title     = "The \LaTeX\ Companion",
    year      = "1993",
    publisher = "Addison-Wesley",
    address   = "Reading, Massachusetts"
}

@misc{knuthwebsite,
    author    = "Donald Knuth",
    title     = "Knuth: Computers and Typesetting",
    url       = "http://www-cs-faculty.stanford.edu/\~{}uno/abcde.html"
}

@inproceedings     { lecun-90b,
original =    "orig/lecun-90b.ps.gz",
author  =       "LeCun, Yann and Denker, J. S. and Solla, S. and Howard, R. E. and Jackel, L. D.",
title   =       "Optimal Brain Damage",
booktitle=      "Advances in Neural Information Processing Systems (NIPS 1989)", 
volume =        "2",
address =       "Denver, CO", 
year    =       "1990",
editor  =       "Touretzky, David",
publisher=      "Morgan Kaufman"
}

@inproceedings{han,
author = {Han, Song and Mao, Huizi and Dally, William},
year = {2016},
month = {10},
pages = {},
title = {Deep Compression: Compressing Deep Neural Networks with Pruning, Trained Quantization and Huffman Coding}
}

@inproceedings{li,
 author = {Wen, Wei and Wu, Chunpeng and Wang, Yandan and Chen, Yiran and Li, Hai},
 booktitle = {Advances in Neural Information Processing Systems},
 editor = {D. Lee and M. Sugiyama and U. Luxburg and I. Guyon and R. Garnett},
 pages = {},
 publisher = {Curran Associates, Inc.},
 title = {Learning Structured Sparsity in Deep Neural Networks},
 url = {https://proceedings.neurips.cc/paper/2016/file/41bfd20a38bb1b0bec75acf0845530a7-Paper.pdf},
 volume = {29},
 year = {2016}
}

@article{lin,
author = {Lin, Shaohui and Ji, Rongrong and Li, Yuchao and Deng, Cheng and Liu, Wei},
year = {2019},
month = {04},
pages = {1-15},
title = {Toward Compact ConvNets via Structure-Sparsity Regularized Filter Pruning},
volume = {PP},
journal = {IEEE Transactions on Neural Networks and Learning Systems},
doi = {10.1109/TNNLS.2019.2906563}
}

@article{frankle,
  author    = {Jonathan Frankle and
               Michael Carbin},
  title     = {The Lottery Ticket Hypothesis: Training Pruned Neural Networks},
  journal   = {CoRR},
  volume    = {abs/1803.03635},
  year      = {2018},
  url       = {http://arxiv.org/abs/1803.03635},
  archivePrefix = {arXiv},
  eprint    = {1803.03635},
  timestamp = {Mon, 13 Aug 2018 16:48:29 +0200},
  biburl    = {https://dblp.org/rec/journals/corr/abs-1803-03635.bib},
  bibsource = {dblp computer science bibliography, https://dblp.org}
}

@article{elsen,
  author    = {Utku Evci and
               Trevor Gale and
               Jacob Menick and
               Pablo Samuel Castro and
               Erich Elsen},
  title     = {Rigging the Lottery: Making All Tickets Winners},
  journal   = {CoRR},
  volume    = {abs/1911.11134},
  year      = {2019},
  url       = {http://arxiv.org/abs/1911.11134},
  archivePrefix = {arXiv},
  eprint    = {1911.11134},
  timestamp = {Tue, 03 Dec 2019 14:15:54 +0100},
  biburl    = {https://dblp.org/rec/journals/corr/abs-1911-11134.bib},
  bibsource = {dblp computer science bibliography, https://dblp.org}
}